 @misc{patterson_2022,
 title={Top 20 twitch streamers (November 2022) – most followed channels},
 url={https://www.dexerto.com/entertainment/top-20-most-followed-twitch-streamers-750744/},
 journal={Dexerto},
 author={Patterson, Calum},
 year={2022},
 month={Nov}} 

@misc{hore_2022,
title={Who are the biggest Twitch Streamers?},
url={https://www.theloadout.com/streamers/biggest-streamers},
journal={The Loadout},
author={Hore, Jamie},
year={2022},
month={Feb}} 

@misc{uslu_2022,
title={What is Kaggle?}, url={https://www.datacamp.com/blog/what-is-kaggle},
journal={DataCamp},
publisher={DataCamp},
author={Uslu, Caglar},
year={2022},
month={Mar}} 

 @misc{nelson_2021, title={What is linear regression?}, url={https://www.unite.ai/what-is-linear-regression/}, journal={Unite.AI}, author={Nelson, Daniel}, year={2021}, month={Jun}} 

 @misc{twitchtracker, title={Twitch Statistics \& charts · Twitchtracker}, url={https://twitchtracker.com/statistics}, journal={TwitchTracker}} 

 @misc{malm2022viewership,
  title={Viewership forecast on a Twitch broadcast: Using machine learning to predict viewers on sponsored Twitch streams},
  author={Malm, Jonas and Friberg, Martin},
  year={2022}
}

@article{le2021study,
  title={A study on Channel Popularity in Twitch},
  author={Le, Ha and Wu, Junming and Yu, Louis and Lynn, Melissa},
  journal={arXiv preprint arXiv:2111.05939},
  year={2021}
}